@article{knuth84,
  author = {Knuth, Donald E.},
  title = {Literate Programming},
  year = {1984},
  issue_date = {May 1984},
  publisher = {Oxford University Press, Inc.},
  address = {USA},
  volume = {27},
  number = {2},
  issn = {0010-4620},
  url = {https://doi.org/10.1093/comjnl/27.2.97},
  doi = {10.1093/comjnl/27.2.97},
  journal = {Comput. J.},
  month = may,
  pages = {97–111},
  numpages = {15}
}



@book{brucealberts2017,
	title = {Biologia Molecular da Célula},
	author = {Bruce Alberts,  and Alexander Johnson,  and Julian Lewis,  and David Morgan,  and Martin Raff,  and Keith Roberts,  and Peter Walter,  and John Wilson,  and Tim Hunt, },
	year = {2017},
	date = {2017},
	publisher = {Artmed},
	edition = {6},
	address = {Porto Alegre}
}

@book{anthonyj.f.griffiths2016,
	title = {Introdução à Genética},
	author = {Anthony J. F. Griffiths,  and Susan R. Wessler,  and Sean B. Carroll,  and John Doebley, },
	year = {2016},
	date = {2016},
	publisher = {Guanabara Koogan},
	edition = {11}
}

@book{petersnustad2017,
	title = {Fundamentos da Genética},
	author = {Peter Snustad,  and Michael J. Simmons, },
	year = {2017},
	date = {2017},
	publisher = {Guanabara Koogan},
	edition = {7},
	address = {Rio de Janeiro}
}
